@BOOK{eisberg,
       author = {{Eisberg}, Robert and {Resnick}, Robert},
        title = "{Quantum Physics of Atoms, Molecules, Solids, Nuclei, and Particles, 2nd Edition}",
         year = 1985,
       adsurl = {https://ui.adsabs.harvard.edu/abs/1985qpam.book.....E},
      adsnote = {Provided by the SAO/NASA Astrophysics Data System}
}

